@article{stone2005reinforcement,
  title={Reinforcement learning for robocup soccer keepaway},
  author={Stone, Peter and Sutton, Richard S and Kuhlmann, Gregory},
  journal={Adaptive Behavior},
  volume={13},
  number={3},
  pages={165--188},
  year={2005},
  publisher={Sage Publications Sage CA: Thousand Oaks, CA}
}

@article{riedmiller2009reinforcement,
  title={Reinforcement learning for robot soccer},
  author={Riedmiller, Martin and Gabel, Thomas and Hafner, Roland and Lange, Sascha},
  journal={Autonomous Robots},
  volume={27},
  number={1},
  pages={55--73},
  year={2009},
  publisher={Springer}
}

@article{hausknecht2015deep,
  title={Deep reinforcement learning in parameterized action space},
  author={Hausknecht, Matthew and Stone, Peter},
  journal={arXiv preprint arXiv:1511.04143},
  year={2015}
}

@article{mnih2013playing,
  title={Playing atari with deep reinforcement learning},
  author={Mnih, Volodymyr and Kavukcuoglu, Koray and Silver, David and Graves, Alex and Antonoglou, Ioannis and Wierstra, Daan and Riedmiller, Martin},
  journal={arXiv preprint arXiv:1312.5602},
  year={2013}
}

@article{haarnoja2018soft,
  title={Soft actor-critic: Off-policy maximum entropy deep reinforcement learning with a stochastic actor},
  author={Haarnoja, Tuomas and Zhou, Aurick and Abbeel, Pieter and Levine, Sergey},
  journal={arXiv preprint arXiv:1801.01290},
  year={2018}
}

@inproceedings{haarnoja2017reinforcement,
  title={Reinforcement learning with deep energy-based policies},
  author={Haarnoja, Tuomas and Tang, Haoran and Abbeel, Pieter and Levine, Sergey},
  booktitle={Proceedings of the 34th International Conference on Machine Learning-Volume 70},
  pages={1352--1361},
  year={2017},
  organization={JMLR. org}
}

@book{bradski2008learning,
  title={Learning OpenCV: Computer vision with the OpenCV library},
  author={Bradski, Gary and Kaehler, Adrian},
  year={2008},
  publisher={" O'Reilly Media, Inc."}
}